@ARTICLE{ijcai2017-576,
  author    = {Bingning Wang, Kang Liu, Jun Zhao},
  title     = {Conditional Generative Adversarial Networks for Commonsense Machine Comprehension},
  journal = {Proceedings of the Twenty-Sixth International Joint Conference on
               Artificial Intelligence, {IJCAI-17}},
  year      = {2017},
  doi       = {10.24963/ijcai.2017/576},
  url       = {https://doi.org/10.24963/ijcai.2017/576}
}

@ARTICLE{2017ariv170104862A,
   author = {{Arjovsky}, M. and {Bottou}, L.},
    title = "{Towards Principled Methods for Training Generative Adversarial Networks}",
  journal = {ArXiv e-prints},
archivePrefix = "arXiv",
   eprint = {1701.04862},
 primaryClass = "stat.ML",
 keywords = {Statistics - Machine Learning, Computer Science - Learning},
     year = 2017,
    month = jan,
   adsurl = {http://adsabs.harvard.edu/abs/2017arXiv170104862A},
  adsnote = {Provided by the SAO/NASA Astrophysics Data System}
}


@ARTICLE{2016arXiv161101144J,
   author = {{Jang}, E. and {Gu}, S. and {Poole}, B.},
    title = "{Categorical Reparameterization with Gumbel-Softmax}",
  journal = {ArXiv e-prints},
archivePrefix = "arXiv",
   eprint = {1611.01144},
 primaryClass = "stat.ML",
 keywords = {Statistics - Machine Learning, Computer Science - Learning},
     year = 2016,
    month = nov,
   adsurl = {http://adsabs.harvard.edu/abs/2016arXiv161101144J},
  adsnote = {Provided by the SAO/NASA Astrophysics Data System}
}

@ARTICLE{2016arXiv160401696M,
   author = {{Mostafazadeh}, N. and {Chambers}, N. and {He}, X. and {Parikh}, D. and 
	{Batra}, D. and {Vanderwende}, L. and {Kohli}, P. and {Allen}, J.
	},
    title = "{A Corpus and Evaluation Framework for Deeper Understanding of Commonsense Stories}",
  journal = {ArXiv e-prints},
archivePrefix = "arXiv",
   eprint = {1604.01696},
 primaryClass = "cs.CL",
 keywords = {Computer Science - Computation and Language, Computer Science - Artificial Intelligence},
     year = 2016,
    month = apr,
   adsurl = {http://adsabs.harvard.edu/abs/2016arXiv160401696M},
  adsnote = {Provided by the SAO/NASA Astrophysics Data System}
}

@article{DBLP:journals/corr/ChoMGBSB14,
  author    = {Kyunghyun Cho and
               Bart van Merrienboer and
               {\c{C}}aglar G{\"{u}}l{\c{c}}ehre and
               Fethi Bougares and
               Holger Schwenk and
               Yoshua Bengio},
  title     = {Learning Phrase Representations using {RNN} Encoder-Decoder for Statistical
               Machine Translation},
  journal   = {CoRR},
  volume    = {abs/1406.1078},
  year      = {2014},
  url       = {http://arxiv.org/abs/1406.1078},
  archivePrefix = {arXiv},
  eprint    = {1406.1078},
  timestamp = {Wed, 07 Jun 2017 14:43:08 +0200},
  biburl    = {https://dblp.org/rec/bib/journals/corr/ChoMGBSB14},
  bibsource = {dblp computer science bibliography, https://dblp.org}
}

@article{articffle,
author = {Hochreiter, Sepp and Schmidhuber, Jurgen},
title = {Long Short-term Memory},
year = {1997},
journal = {Neural computation}
}

@ARTICLE{2014arXiv1406.2661G,
   author = {{Goodfellow}, I.~J. and {Pouget-Abadie}, J. and {Mirza}, M. and 
	{Xu}, B. and {Warde-Farley}, D. and {Ozair}, S. and {Courville}, A. and 
	{Bengio}, Y.},
    title = "{Generative Adversarial Networks}",
  journal = {ArXiv e-prints},
archivePrefix = "arXiv",
   eprint = {1406.2661},
 primaryClass = "stat.ML",
 keywords = {Statistics - Machine Learning, Computer Science - Learning},
     year = 2014,
    month = jun,
   adsurl = {http://adsabs.harvard.edu/abs/2014arXiv1406.2661G},
  adsnote = {Provided by the SAO/NASA Astrophysics Data System}
}